%%%%%%%%%%%%%%%%%%%%%%%%%%%%%%%%%%%%%%%%%%%%%%%%%%%%%%%%%%%%%%%%%%%%%%%%%%%
% BIBLIOGRAFÍA
@article{b1,
  title={Understanding machine learning-based forecasting methods: A decomposition framework and research opportunities},
  author={Bojer, C. S.},
  journal={International Journal of Forecasting},
  volume={38},
  number={4},
  pages={1555--1561},
  year={2022},
  publisher={Elsevier B.V.},
  doi={https://doi.org/10.1016/j.ijforecast.2021.11.003},
}

@article{b2,
  title={Algorithmic Trading and Information},
  author={Hendershott, T. and Riordan, R.},
  journal={SSRN Electronic Journal},
  year={2011},
  url={https://doi.org/10.2139/ssrn.1472050},
}


@article{b3,
  title={The impact of high-frequency trading on an electronic market},
  author={Jarnecic, Elvis and Snape, Mark},
  journal={Journal of Financial Markets},
  volume={19},
  pages={1--19},
  year={2015},
  publisher={Elsevier}
}

@article{b4,
  title={Machine learning for financial market prediction},
  author={Henrique, Bruno M and Sobreiro, Vinicius A and Kimura, Hiroshi},
  journal={Expert Systems with Applications},
  volume={124},
  pages={226--251},
  year={2019},
  publisher={Elsevier}
}

@article{b5,
  title={Applications of artificial intelligence in finance: A review},
  author={Heaton, James B and Polson, Nicholas G and Witte, Jan Hendrik},
  journal={arXiv preprint arXiv:1602.02830},
  year={2016}
}

@article{b6,
  title={Deep learning in asset pricing},
  author={Chen, Tianwen and Pelger, Markus and Zhu, Jason},
  journal={arXiv preprint arXiv:1904.00745},
  year={2019}
}

@article{b7,
  title={Machine learning in asset management—Part 2: Applications},
  author={Gu, Shihao and Kelly, Bryan and Xiu, Dacheng},
  journal={The Journal of Financial Data Science},
  volume={2},
  number={1},
  pages={17--34},
  year={2020},
  publisher={Institutional Investor Journals}
}

@article{b8,
  title={Predicting stock market trends using machine learning algorithms},
  author={Gunduz, Hakan and Cataltepe, Zehra and Yaslan, Yusuf},
  journal={Financial Innovation},
  volume={3},
  pages={1--20},
  year={2017},
  publisher={SpringerOpen}
}

@article{b9,
  title={A machine learning approach to risk factors: Price trend prediction via ensembles of factor models},
  author={Chen, Weili and Zhao, Yue},
  journal={Journal of Econometrics},
  volume={209},
  number={1},
  pages={99--117},
  year={2019},
  publisher={Elsevier}
}

@article{b10,
  title={Prophet: forecasting at scale},
  author={Taylor, Sean J and Letham, Benjamin},
  journal={The American Statistician},
  volume={72},
  number={1},
  pages={37--45},
  year={2018},
  publisher={Taylor \& Francis}
}

@article{b11,
  title={A review of Prophet: Forecasting at Scale},
  author={Bojer, Casper Solheim and Meldgaard, Sune Lehmann},
  journal={International Journal of Forecasting},
  volume={36},
  number={2},
  pages={266--269},
  year={2020},
  publisher={Elsevier}
}

@article{b12,
  title={Forecasting stock prices with Prophet: A case study using Facebook’s forecasting library},
  author={Reed, Steven},
  journal={The Journal of Financial Data Science},
  volume={3},
  number={1},
  pages={56--69},
  year={2021},
  publisher={Institutional Investor Journals}
}




